
@article{Dorn2015,
  author = {Dorn, Brian and Tew, Allison Elliott},
  title = {Empirical validation and application of the computing attitudes survey},
  journal = {Computer Science Education},
  year = 2015,
  month = feb,
  volume = {25},
  number = {1},
  pages = {1-36},
  doi = {10.1080/08993408.2015.1014142},
}

@misc{HelloProcessing,
  author = {Shiffman, Daniel and Garner, Scott and Chorng, Jesse and Mooney, Graham and Murray, Scott and Reas, Casey},
  title = "Hello Processing",
  howpublished = {Online resource at http://hello.processing.org},
  month = dec,
  year = {2013},
}

@inproceedings{Greenberg2012,
 author = {Greenberg, Ira and Kumar, Deepak and Xu, Dianna},
 title = {Computational Art and Creative Coding: Teaching CS1 with Processing (Abstract Only)},
 booktitle = {Proceedings of the 43rd ACM Technical Symposium on Computer Science Education},
 series = {SIGCSE '12},
 year = {2012},
 isbn = {978-1-4503-1098-7},
 location = {Raleigh, North Carolina, USA},
 pages = {660--660},
 numpages = {1},
 url = {http://doi.acm.org/10.1145/2157136.2157342},
 doi = {10.1145/2157136.2157342},
 acmid = {2157342},
 publisher = {ACM},
 address = {New York, NY, USA},
 keywords = {CS1, art, computer science, creative coding, creative computation, education, pedagogy, processing, visual portfolio},
} 


%all from our lit review
@article{Assiter2016,
 author = {Assiter, Karina and Wiseman, Charlie},
 title = {Exploratory Learning with Alice: Experiences Leading a Computer Science Workshop for Girl Scouts},
 journal = {J. Comput. Sci. Coll.},
 issue_date = {April 2016},
 volume = {31},
 number = {4},
 month = apr,
 year = {2016},
 issn = {1937-4771},
 pages = {21--27},
 numpages = {7},
 url = {http://dl.acm.org/citation.cfm?id=2904127.2904130},
 acmid = {2904130},
 publisher = {Consortium for Computing Sciences in Colleges},
 address = {USA},
}

@inproceedings{Adams2010,
 author = {Adams, Joel C.},
 title = {Scratching Middle Schoolers' Creative Itch},
 booktitle ={Proceedings of the 41st ACM Technical Symposium on Computer Science Education},
 series = {SIGCSE '10},
 year = {2010},
 isbn = {978-1-4503-0006-3},
 location = {Milwaukee, Wisconsin, USA},
 pages = {356--360},
 numpages = {5},
 url = {http://doi.acm.org/10.1145/1734263.1734385},
 doi = {10.1145/1734263.1734385},
 acmid = {1734385},
 publisher = {ACM},
 address = {New York, NY, USA},
 keywords = {2-d animation, alice, computer science, games, gender, middle school, music, programming, scratch, summer camps, videos},
}

@inproceedings{Basawapatna2010,
 author = {Basawapatna, Ashok R. and Koh, Kyu Han and Repenning, Alexander},
 title = {Using Scalable Game Design to Teach Computer Science from Middle School to Graduate School},
 booktitle = {Proceedings of the Fifteenth Annual Conference on Innovation and Technology in Computer Science Education},
 series = {ITiCSE '10},
 year = {2010},
 isbn = {978-1-60558-820-9},
 location = {Bilkent, Ankara, Turkey},
 pages = {224--228},
 numpages = {5},
 url = {http://doi.acm.org/10.1145/1822090.1822154},
 doi = {10.1145/1822090.1822154},
 acmid = {1822154},
 publisher = {ACM},
 address = {New York, NY, USA},
 keywords = {computational thinking pattern, middle school programming, scalable game design, student observation, transfer, university programming education},
}

@article{Bruckman2009,
 author = {Bruckman, Amy and Biggers, Maureen and Ericson, Barbara and McKlin, Tom and Dimond, Jill and DiSalvo, Betsy and Hewner, Mike and Ni, Lijun and Yardi, Sarita},
 title = {"Georgia Computes!": Improving the Computing Education Pipeline},
 journal = {SIGCSE Bull.},
 issue_date = {March 2009},
 volume = {41},
 number = {1},
 month = mar,
 year = {2009},
 issn = {0097-8418},
 pages = {86--90},
 numpages = {5},
 url = {http://doi.acm.org/10.1145/1539024.1508899},
 doi = {10.1145/1539024.1508899},
 acmid = {1508899},
 publisher = {ACM},
 address = {New York, NY, USA},
 keywords = {computing education pipeline, introductory courses, summer camps},
}

@article{Buffum2016a,
 author={P. S. Buffum and M. Frankosky and K. E. Boyer and E. N. Wiebe and B. W. Mott and J. C. Lester}, 
 journal={Computing in Science Engineering}, 
 title={Collaboration and Gender Equity in Game-Based Learning for Middle School Computer Science}, 
 year={2016}, 
 volume={18}, 
 number={2}, 
 pages={18-28}, 
 keywords={computer aided instruction;computer games;computer science education;gender issues;groupware;Engage game-based learning environment;collaboration;collaborative game-based learning experiences;collaborative gameplay approach;computer science learning;full classroom study;gender equity;learning gains;middle school computer science;multiweek classroom implementation;Avatars;Computer programs;Computer science education;Education;Games;collaboration;computational thinking;game-based learning;gender;middle school;scientific computing}, 
 doi={10.1109/MCSE.2016.37}, 
 ISSN={1521-9615}, 
 month={Mar},
}

@inproceedings{Buffum2016b,
 author = {Buffum, Philip Sheridan and Frankosky, Megan Hardy and Boyer, Kristy Elizabeth and Wiebe, Eric N. and Mott, Bradford W. and Lester, James C.},
 title = {Empowering All Students: Closing the CS Confidence Gap with an In-School Initiative for Middle School Students},
 booktitle = {Proceedings of the 47th ACM Technical Symposium on Computing Science Education},
 series = {SIGCSE '16},
 year = {2016},
 isbn = {978-1-4503-3685-7},
 location = {Memphis, Tennessee, USA},
 pages = {382--387},
 numpages = {6},
 url = {http://doi.acm.org/10.1145/2839509.2844595},
 doi = {10.1145/2839509.2844595},
 acmid = {2844595},
 publisher = {ACM},
 address = {New York, NY, USA},
 keywords = {broadening participation, in-school outreach, middle school},
}

@inproceedings{Carter2012,
 author = {Carter, Elizabeth and Blank, Glenn and Walz, Jennifer},
 title = {Bringing the Breadth of Computer Science to Middle Schools},
 booktitle = {Proceedings of the 43rd ACM Technical Symposium on Computer Science Education},
 series = {SIGCSE '12},
 year = {2012},
 isbn = {978-1-4503-1098-7},
 location = {Raleigh, North Carolina, USA},
 pages = {203--208},
 numpages = {6},
 url = {http://doi.acm.org/10.1145/2157136.2157198},
 doi = {10.1145/2157136.2157198},
 acmid = {2157198},
 publisher = {ACM},
 address = {New York, NY, USA},
 keywords = {K-12 education, STEM, computer science education, curricula},
}

@article{Cheung2009,
 author = {Cheung, Joey C.Y. and Ngai, Grace and Chan, Stephen C.F. and Lau, Winnie W.Y.},
 title = {Filling the Gap in Programming Instruction: A Text-enhanced Graphical Programming Environment for Junior High Students},
 journal = {SIGCSE Bull.},
 issue_date = {March 2009},
 volume = {41},
 number = {1},
 month = mar,
 year = {2009},
 issn = {0097-8418},
 pages = {276--280},
 numpages = {5},
 url = {http://doi.acm.org/10.1145/1539024.1508968},
 doi = {10.1145/1539024.1508968},
 acmid = {1508968},
 publisher = {ACM},
 address = {New York, NY, USA},
 keywords = {education, programming environments},
}

@article{Clark2013,
 author = {Clark, Judy and Rogers, Michael P. and Spradling, Carol and Pais, John},
 title = {What, No Canoes? Lessons Learned While Hosting a Scratch Summer Camp},
 journal = {J. Comput. Sci. Coll.},
 issue_date = {May 2013},
 volume = {28},
 number = {5},
 month = may,
 year = {2013},
 issn = {1937-4771},
 pages = {204--210},
 numpages = {7},
 url = {http://dl.acm.org/citation.cfm?id=2458569.2458614},
 acmid = {2458614},
 publisher = {Consortium for Computing Sciences in Colleges},
 address = {USA},
}

@inproceedings{Cottam2010,
 author = {Cottam, Joseph A. and Foley, Samantha S. and Menzel, Suzanne},
 title = {Do Roadshows Work?: Examining the Effectiveness of Just Be},
 booktitle = {Proceedings of the 41st ACM Technical Symposium on Computer Science Education},
 series = {SIGCSE '10},
 year = {2010},
 isbn = {978-1-4503-0006-3},
 location = {Milwaukee, Wisconsin, USA},
 pages = {17--21},
 numpages = {5},
 url = {http://doi.acm.org/10.1145/1734263.1734271},
 doi = {10.1145/1734263.1734271},
 acmid = {1734271},
 publisher = {ACM},
 address = {New York, NY, USA},
 keywords = {broadening participation, changing attitudes, diversity, gender, k-12, outreach, roadshow, stereotypes},
}

@inproceedings{Craig2013,
 author = {Craig, Annemieke and Coldwell-Neilson, Jo and Beekhuyzen, Jenine},
 title = {Are IT Interventions for Girls a Special Case?},
 booktitle = {Proceeding of the 44th ACM Technical Symposium on Computer Science Education},
 series = {SIGCSE '13},
 year = {2013},
 isbn = {978-1-4503-1868-6},
 location = {Denver, Colorado, USA},
 pages = {451--456},
 numpages = {6},
 url = {http://doi.acm.org/10.1145/2445196.2445328},
 doi = {10.1145/2445196.2445328},
 acmid = {2445328},
 publisher = {ACM},
 address = {New York, NY, USA},
 keywords = {K-12 education, gender and diversity, girls and it, intervention, outreach programs},
}

@article{Crutchfield2011,
 author = {Crutchfield, Orpheus S. L. and Harrison, Christopher D. and Haas, Guy and Garcia, Daniel D. and Humphreys, Sheila M. and Lewis, Colleen M. and Khooshabeh, Peter},
 title = {Berkeley Foundation for Opportunities in Information Technology: A Decade of Broadening Participation},
 journal = {Trans. Comput. Educ.},
 issue_date = {October 2011},
 volume = {11},
 number = {3},
 month = oct,
 year = {2011},
 issn = {1946-6226},
 pages = {15:1--15:24},
 articleno = {15},
 numpages = {24},
 url = {http://doi.acm.org/10.1145/2037276.2037279},
 doi = {10.1145/2037276.2037279},
 acmid = {2037279},
 publisher = {ACM},
 address = {New York, NY, USA},
 keywords = {Broadening participation, CS0, Scratch, computing education pipeline, introductory programming courses, outreach, summer camps},
}

@article{Curzon2009,
 author = {Curzon, Paul and McOwan, Peter W. and Cutts, Quintin I. and Bell, Tim},
 title = {Enthusing \& Inspiring with Reusable Kinaesthetic Activities},
 journal = {SIGCSE Bull.},
 issue_date = {September 2009},
 volume = {41},
 number = {3},
 month = jul,
 year = {2009},
 issn = {0097-8418},
 pages = {94--98},
 numpages = {5},
 url = {http://doi.acm.org/10.1145/1595496.1562911},
 doi = {10.1145/1595496.1562911},
 acmid = {1562911},
 publisher = {ACM},
 address = {New York, NY, USA},
 keywords = {reusable learning object, reusable outreach object},
}

@inproceedings{Daily2014,
 author = {Daily, Shaundra B. and Leonard, Alison E. and J\"{o}rg, Sophie and Babu, Sabarish and Gundersen, Kara},
 title = {Dancing Alice: Exploring Embodied Pedagogical Strategies for Learning Computational Thinking},
 booktitle = {Proceedings of the 45th ACM Technical Symposium on Computer Science Education},
 series = {SIGCSE '14},
 year = {2014},
 isbn = {978-1-4503-2605-6},
 location = {Atlanta, Georgia, USA},
 pages = {91--96},
 numpages = {6},
 url = {http://doi.acm.org/10.1145/2538862.2538917},
 doi = {10.1145/2538862.2538917},
 acmid = {2538917},
 publisher = {ACM},
 address = {New York, NY, USA},
 keywords = {broadening participation, embodiment, virtual environments},
}

@inproceedings{Ericson2012,
 author = {Ericson, Barbara and McKlin, Tom},
 title = {Effective and Sustainable Computing Summer Camps},
 booktitle = {Proceedings of the 43rd ACM Technical Symposium on Computer Science Education},
 series = {SIGCSE '12},
 year = {2012},
 isbn = {978-1-4503-1098-7},
 location = {Raleigh, North Carolina, USA},
 pages = {289--294},
 numpages = {6},
 url = {http://doi.acm.org/10.1145/2157136.2157223},
 doi = {10.1145/2157136.2157223},
 acmid = {2157223},
 publisher = {ACM},
 address = {New York, NY, USA},
 keywords = {Alice, app inventor, cell phone programming, gender and diversity issues, outreach, picocrickets, robots, scratch, summer camps},
}

@inproceedings{Franklin2011,
 author = {Franklin, Diana and Conrad, Phillip and Aldana, Gerardo and Hough, Sarah},
 title = {Animal Tlatoque: Attracting Middle School Students to Computing Through Culturally-relevant Themes},
 booktitle = {Proceedings of the 42Nd ACM Technical Symposium on Computer Science Education},
 series = {SIGCSE '11},
 year = {2011},
 isbn = {978-1-4503-0500-6},
 location = {Dallas, TX, USA},
 pages = {453--458},
 numpages = {6},
 url = {http://doi.acm.org/10.1145/1953163.1953295},
 doi = {10.1145/1953163.1953295},
 acmid = {1953295},
 publisher = {ACM},
 address = {New York, NY, USA},
 keywords = {K-12 education, diversity, outreach},
}

@inproceedings{Franklin2016,
 author = {Franklin, Diana and Hill, Charlotte and Dwyer, Hilary A. and Hansen, Alexandria K. and Iveland, Ashley and Harlow, Danielle B.},
 title = {Initialization in Scratch: Seeking Knowledge Transfer},
 booktitle = {Proceedings of the 47th ACM Technical Symposium on Computing Science Education},
 series = {SIGCSE '16},
 year = {2016},
 isbn = {978-1-4503-3685-7},
 location = {Memphis, Tennessee, USA},
 pages = {217--222},
 numpages = {6},
 url = {http://doi.acm.org/10.1145/2839509.2844569},
 doi = {10.1145/2839509.2844569},
 acmid = {2844569},
 publisher = {ACM},
 address = {New York, NY, USA},
 keywords = {initialization, k-6, knowledge transfer, scratch, vbbls},
}

@inproceedings{Grover2016,
 author = {Grover, Shuchi and Pea, Roy and Cooper, Stephen},
 title = {Factors Influencing Computer Science Learning in Middle School},
 booktitle = {Proceedings of the 47th ACM Technical Symposium on Computing Science Education},
 series = {SIGCSE '16},
 year = {2016},
 isbn = {978-1-4503-3685-7},
 location = {Memphis, Tennessee, USA},
 pages = {552--557},
 numpages = {6},
 url = {http://doi.acm.org/10.1145/2839509.2844564},
 doi = {10.1145/2839509.2844564},
 acmid = {2844564},
 publisher = {ACM},
 address = {New York, NY, USA},
 keywords = {computational thinking., deeper learning, k-12 computer science education, learning factors, middle school computing curriculum},
}

@article{Guzdial2014,
 author = {Guzdial, Mark and Ericson, Barbara and Mcklin, Tom and Engelman, Shelly},
 title = {Georgia Computes! An Intervention in a US State, with Formal and Informal Education in a Policy Context},
 journal = {Trans. Comput. Educ.},
 issue_date = {June 2014},
 volume = {14},
 number = {2},
 month = jun,
 year = {2014},
 issn = {1946-6226},
 pages = {13:1--13:29},
 articleno = {13},
 numpages = {29},
 url = {http://doi.acm.org/10.1145/2602488},
 doi = {10.1145/2602488},
 acmid = {2602488},
 publisher = {ACM},
 address = {New York, NY, USA},
 keywords = {Assessment, broadening participation, curriculum, education research, motivation, retention, underrepresented minorities, women},
}

@inproceedings{Hart2010,
 author = {Hart, Mindy L.},
 title = {Making Contact with the Forgotten K-12 Influence: Are You Smarter Than Your 5th Grader?},
 booktitle = {Proceedings of the 41st ACM Technical Symposium on Computer Science Education},
 series = {SIGCSE '10},
 year = {2010},
 isbn = {978-1-4503-0006-3},
 location = {Milwaukee, Wisconsin, USA},
 pages = {254--258},
 numpages = {5},
 url = {http://doi.acm.org/10.1145/1734263.1734349},
 doi = {10.1145/1734263.1734349},
 acmid = {1734349},
 publisher = {ACM},
 address = {New York, NY, USA},
 keywords = {computer science education, k-12 instruction, pair programming, parent involvement, workshops},
}

@inproceedings{Hill2015,
 author = {Hill, Charlotte and Dwyer, Hilary A. and Martinez, Tim and Harlow, Danielle and Franklin, Diana},
 title = {Floors and Flexibility: Designing a Programming Environment for 4Th-6th Grade Classrooms},
 booktitle = {Proceedings of the 46th ACM Technical Symposium on Computer Science Education},
 series = {SIGCSE '15},
 year = {2015},
 isbn = {978-1-4503-2966-8},
 location = {Kansas City, Missouri, USA},
 pages = {546--551},
 numpages = {6},
 url = {http://doi.acm.org/10.1145/2676723.2677275},
 doi = {10.1145/2676723.2677275},
 acmid = {2677275},
 publisher = {ACM},
 address = {New York, NY, USA},
 keywords = {computer science education, elementary school, graphical programming, middle school, novice programming environments},
}

@inproceedings{Hulsey2014,
 author = {Hulsey, Caitlin and Pence, Toni B. and Hodges, Larry F.},
 title = {Camp CyberGirls: Using a Virtual World to Introduce Computing Concepts to Middle School Girls},
 booktitle = {Proceedings of the 45th ACM Technical Symposium on Computer Science Education},
 series = {SIGCSE '14},
 year = {2014},
 isbn = {978-1-4503-2605-6},
 location = {Atlanta, Georgia, USA},
 pages = {331--336},
 numpages = {6},
 url = {http://doi.acm.org/10.1145/2538862.2538881},
 doi = {10.1145/2538862.2538881},
 acmid = {2538881},
 publisher = {ACM},
 address = {New York, NY, USA},
 keywords = {educational programming environments, middle school girls, outreach, virtual worlds},
}

@article{Kacmarcik2009,
 author = {Kacmarcik, Gary and Kacmarcik, Sylvie Giral},
 title = {Introducing Computer Programming via Gameboy Advance Homebrew},
 journal = {SIGCSE Bull.},
 issue_date = {March 2009},
 volume = {41},
 number = {1},
 month = mar,
 year = {2009},
 issn = {0097-8418},
 pages = {281--285},
 numpages = {5},
 url = {http://doi.acm.org/10.1145/1539024.1508969},
 doi = {10.1145/1539024.1508969},
 acmid = {1508969},
 publisher = {ACM},
 address = {New York, NY, USA},
 keywords = {c, homebrew, k-12 education, nintendo ds, nintendo gameboy},
}

@inproceedings{Lakanen2014a,
 author = {Lakanen, Antti-Jussi and Isom\"{o}tt\"{o}nen, Ville and Lappalainen, Vesa},
 title = {Five Years of Game Programming Outreach: Understanding Student Differences},
 booktitle = {Proceedings of the 45th ACM Technical Symposium on Computer Science Education},
 series = {SIGCSE '14},
 year = {2014},
 isbn = {978-1-4503-2605-6},
 location = {Atlanta, Georgia, USA},
 pages = {647--652},
 numpages = {6},
 url = {http://doi.acm.org/10.1145/2538862.2538914},
 doi = {10.1145/2538862.2538914},
 acmid = {2538914},
 publisher = {ACM},
 address = {New York, NY, USA},
 keywords = {K-12, game programming, outreach, recruitment},
}

@inproceedings{Lakanen2014b,
 author = {Lakanen, Antti-Jussi and Isom\"{o}tt\"{o}nen, Ville and Lappalainen, Vesa},
 title = {Understanding Differences Among Coding Club Students},
 booktitle = {Proceedings of the 2014 Conference on Innovation \&\#38; Technology in Computer Science Education},
 series = {ITiCSE '14},
 year = {2014},
 isbn = {978-1-4503-2833-3},
 location = {Uppsala, Sweden},
 pages = {159--164},
 numpages = {6},
 url = {http://doi.acm.org/10.1145/2591708.2591716},
 doi = {10.1145/2591708.2591716},
 acmid = {2591716},
 publisher = {ACM},
 address = {New York, NY, USA},
 keywords = {game programming, k-12, outreach, recruitment},
}

@inproceedings{Lakanen2012,
 author = {Lakanen, Antti-Jussi and Isom\"{o}tt\"{o}nen, Ville and Lappalainen, Vesa},
 title = {Life Two Years After a Game Programming Course: Longitudinal Viewpoints on K-12 Outreach},
 booktitle = {Proceedings of the 43rd ACM Technical Symposium on Computer Science Education},
 series = {SIGCSE '12},
 year = {2012},
 isbn = {978-1-4503-1098-7},
 location = {Raleigh, North Carolina, USA},
 pages = {481--486},
 numpages = {6},
 url = {http://doi.acm.org/10.1145/2157136.2157280},
 doi = {10.1145/2157136.2157280},
 acmid = {2157280},
 publisher = {ACM},
 address = {New York, NY, USA},
 keywords = {K-12, game programming, long-term impacts, outreach, recruitment},
}

@inproceedings{Lakanen2015,
 author = {Lakanen, Antti-Jussi and Isom\"{o}tt\"{o}nen, Ville},
 title = {What Does It Take to Do Computer Programming?: Surveying the K-12 Students' Conceptions},
 booktitle = {Proceedings of the 46th ACM Technical Symposium on Computer Science Education},
 series = {SIGCSE '15},
 year = {2015},
 isbn = {978-1-4503-2966-8},
 location = {Kansas City, Missouri, USA},
 pages = {458--463},
 numpages = {6},
 url = {http://doi.acm.org/10.1145/2676723.2677229},
 doi = {10.1145/2676723.2677229},
 acmid = {2677229},
 publisher = {ACM},
 address = {New York, NY, USA},
 keywords = {game programming, k-12, outreach, phenomenography},
}

@inproceedings{Lang2010,
 author = {Lang, Catherine and Craig, Annemieke and Fisher, Julie and Forgasz, Helen},
 title = {Creating Digital Divas: Scaffolding Perception Change Through Secondary School and University Alliances},
 booktitle = {Proceedings of the Fifteenth Annual Conference on Innovation and Technology in Computer Science Education},
 series = {ITiCSE '10},
 year = {2010},
 isbn = {978-1-60558-820-9},
 location = {Bilkent, Ankara, Turkey},
 pages = {38--42},
 numpages = {5},
 url = {http://doi.acm.org/10.1145/1822090.1822103},
 doi = {10.1145/1822090.1822103},
 acmid = {1822103},
 publisher = {ACM},
 address = {New York, NY, USA},
 keywords = {gender and diversity, k-12 education, student attitudes},
}

@article{Lang2016,
 author = {Lang, Catherine and Craig, Annemieke and Egan, MaryAnne},
 title = {The Importance of Outreach Programs to Unblock the Pipeline and Broaden Diversity in ICT Education},
 journal = {International Journal of Information and Communication Technology Education (IJICTE)},
 volume = {12},
 number = {1},
 year = {2016},
 pages = {38--49},
 numpages = {12},
 doi = {10.4018/IJICTE.2016010104},
}

@inproceedings{Larkins2013,
 author = {Larkins, D. Brian and Moore, J. Christopher and Rubbo, Louis J. and Covington, Laura R.},
 title = {Application of the Cognitive Apprenticeship Framework to a Middle School Robotics Camp},
 booktitle = {Proceeding of the 44th ACM Technical Symposium on Computer Science Education},
 series = {SIGCSE '13},
 year = {2013},
 isbn = {978-1-4503-1868-6},
 location = {Denver, Colorado, USA},
 pages = {89--94},
 numpages = {6},
 url = {http://doi.acm.org/10.1145/2445196.2445226},
 doi = {10.1145/2445196.2445226},
 acmid = {2445226},
 publisher = {ACM},
 address = {New York, NY, USA},
 keywords = {K-12, cognitive apprenticeship, education, robotics, stem},
}

@article{Liebenberg2012,
author = {Janet   Liebenberg  and  Elsa   Mentz  and  Betty   Breed },
title = {Pair programming and secondary school girls’ enjoyment of programming and the subject Information Technology (IT)},
journal = {Computer Science Education},
volume = {22},
number = {3},
pages = {219-236},
year = {2012},
doi = {10.1080/08993408.2012.713180},
URL = {http://dx.doi.org/10.1080/08993408.2012.713180},
eprint = {http://dx.doi.org/10.1080/08993408.2012.713180}
}

@inproceedings{Mono2010,
  author = 	 {Mano, Chad and Allan, Vicki and Cooley, Donald},
  title = 	 {Effective In-Class Activities for Middle School Outreach Programs},
  booktitle = {40th ASEE/IEEE Frontiers in Education Conference},
  year = 	 {2010}
}

@inproceedings{Marcu2010,
 author = {Marcu, Gabriela and Kaufman, Samuel J. and Lee, Jaihee Kate and Black, Rebecca W. and Dourish, Paul and Hayes, Gillian R. and Richardson, Debra J.},
 title = {Design and Evaluation of a Computer Science and Engineering Course for Middle School Girls},
 booktitle = {Proceedings of the 41st ACM Technical Symposium on Computer Science Education},
 series = {SIGCSE '10},
 year = {2010},
 isbn = {978-1-4503-0006-3},
 location = {Milwaukee, Wisconsin, USA},
 pages = {234--238},
 numpages = {5},
 url = {http://doi.acm.org/10.1145/1734263.1734344},
 doi = {10.1145/1734263.1734344},
 acmid = {1734344},
 publisher = {ACM},
 address = {New York, NY, USA},
 keywords = {computer science and engineering education, diversity in computing, gender issues, hands-on curriculum},
}

@inproceedings{Maxim2009b,
  author = 	 {Maxim, Bruce R. and Elenbogen, Bruce S.},
  title = 	 {Attracting K-12 Students to Study Computing},
  booktitle = {39th ASEE/IEEE Frontiers in Education Conference},
  year = 	 {2009}
}

@inproceedings{Craig2009,
 author = {Craig, Michelle and Horton, Diane},
 title = {Gr8 Designs for Gr8 Girls: A Middle-school Program and Its Evaluation},
 booktitle = {Proceedings of the 40th ACM Technical Symposium on Computer Science Education},
 series = {SIGCSE '09},
 year = {2009},
 isbn = {978-1-60558-183-5},
 location = {Chattanooga, TN, USA},
 pages = {221--225},
 numpages = {5},
 url = {http://doi.acm.org/10.1145/1508865.1508949},
 doi = {10.1145/1508865.1508949},
 acmid = {1508949},
 publisher = {ACM},
 address = {New York, NY, USA},
 keywords = {activity day, gender, middle-school girls, outreach},
}

@article{Ni2016,
 author = {Ni, Lijun and Schilder, Diane and Sherman, Mark and Martin, Fred},
 title = {Computing with a Community Focus: Outcomes from an App Inventor Summer Camp for Middle School Students},
 journal = {J. Comput. Sci. Coll.},
 issue_date = {June 2016},
 volume = {31},
 number = {6},
 month = jun,
 year = {2016},
 issn = {1937-4771},
 pages = {82--89},
 numpages = {8},
 url = {http://dl.acm.org/citation.cfm?id=2904446.2904468},
 acmid = {2904468},
 publisher = {Consortium for Computing Sciences in Colleges},
 address = {USA},
}

@inproceedings{Maxim2009a,
  author = 	 {Nugent, Gwen and Barker, Brad and Grandgenett, Neal and Vaicheslav, Adamchuk},
  title = 	 {The Use of Digital Manipulatives in K-12: Robotics, GPS/GIS and Programming},
  booktitle = {39th ASEE/IEEE Frontiers in Education Conference},
  year = 	 {2009}
}

@inproceedings{Ouyang2010,
 author = {Ouyang, Youwen and Hayden, Katherine},
 title = {A Technology Infused Science Summer Camp to Prepare Student Leaders in 8th Grade Classrooms},
 booktitle = {Proceedings of the 41st ACM Technical Symposium on Computer Science Education},
 series = {SIGCSE '10},
 year = {2010},
 isbn = {978-1-4503-0006-3},
 location = {Milwaukee, Wisconsin, USA},
 pages = {229--233},
 numpages = {5},
 url = {http://doi.acm.org/10.1145/1734263.1734343},
 doi = {10.1145/1734263.1734343},
 acmid = {1734343},
 publisher = {ACM},
 address = {New York, NY, USA},
 keywords = {computing foundations, middle school, science curriculum, summer camp},
}

@article{Robertson2013,
author = {Judy Robertson},
title = {The influence of a game-making project on male and female learners’ attitudes to computing},
journal = {Computer Science Education},
volume = {23},
number = {1},
pages = {58-83},
year = {2013},
doi = {10.1080/08993408.2013.774155},
URL = {http://dx.doi.org/10.1080/08993408.2013.774155    },
eprint = {http://dx.doi.org/10.1080/08993408.2013.774155}
}

@inproceedings{Robinson2014,
 author = {Robinson, Ashley and P{\'e}rez-Qui\~{n}ones, Manuel A.},
 title = {Underrepresented Middle School Girls: On the Path to Computer Science Through Paper Prototyping},
 booktitle = {Proceedings of the 45th ACM Technical Symposium on Computer Science Education},
 series = {SIGCSE '14},
 year = {2014},
 isbn = {978-1-4503-2605-6},
 location = {Atlanta, Georgia, USA},
 pages = {97--102},
 numpages = {6},
 url = {http://doi.acm.org/10.1145/2538862.2538951},
 doi = {10.1145/2538862.2538951},
 acmid = {2538951},
 publisher = {ACM},
 address = {New York, NY, USA},
 keywords = {human-computer interaction, k-12, women, minorities, prototyping, user interface design},
}

@article{Rodger2009,
 author = {Rodger, Susan H. and Hayes, Jenna and Lezin, Gaetjens and Qin, Henry and Nelson, Deborah and Tucker, Ruth and Lopez, Mercedes and Cooper, Stephen and Dann, Wanda and Slater, Don},
 title = {Engaging Middle School Teachers and Students with Alice in a Diverse Set of Subjects},
 journal = {SIGCSE Bull.},
 issue_date = {March 2009},
 volume = {41},
 number = {1},
 month = mar,
 year = {2009},
 issn = {0097-8418},
 pages = {271--275},
 numpages = {5},
 url = {http://doi.acm.org/10.1145/1539024.1508967},
 doi = {10.1145/1539024.1508967},
 acmid = {1508967},
 publisher = {ACM},
 address = {New York, NY, USA},
 keywords = {alice, introductory computer science, k-12 education, middle school, under-represented groups, virtual worlds},
}

@article{vanDelden2014,
 author = {van Delden, Sebastian and Yang, Kuo-Pao},
 title = {Robotics Summer Camps As a Recruiting Tool: A Case Study},
 journal = {J. Comput. Sci. Coll.},
 issue_date = {May 2014},
 volume = {29},
 number = {5},
 month = may,
 year = {2014},
 issn = {1937-4771},
 pages = {14--22},
 numpages = {9},
 url = {http://dl.acm.org/citation.cfm?id=2600623.2600626},
 acmid = {2600626},
 publisher = {Consortium for Computing Sciences in Colleges},
 address = {USA},
}

 pages = {587--590},
 numpages = {4},
 url = {http://doi.acm.org/10.1145/2676723.2677303},
 doi = {10.1145/2676723.2677303},
 acmid = {2677303},
 publisher = {ACM},
 address = {New York, NY, USA},
 keywords = {broadening participation, multi-disciplinary stem-to-steam program, outreach and education, promoting computer science, girls and computers},
}

@inproceedings{Karp2011,
  author = 	 {Karp, Tanja and Schneider, Andreas},
  title = 	 {Evaluation of a K-8 LEGO Robotics Program},
  booktitle = {41st ASEE/IEEE Frontiers in Education Conference},
  year = 	 {2011}
}

@inproceedings{Taub2009,
 author = {Taub, Rivka and Ben-Ari, Mordechai and Armoni, Michal},
 title = {The Effect of CS Unplugged on Middle-school Students' Views of CS},
 booktitle = {Proceedings of the 14th Annual ACM SIGCSE Conference on Innovation and Technology in Computer Science Education},
 series = {ITiCSE '09},
 year = {2009},
 isbn = {978-1-60558-381-5},
 location = {Paris, France},
 pages = {99--103},
 numpages = {5},
 url = {http://doi.acm.org/10.1145/1562877.1562912},
 doi = {10.1145/1562877.1562912},
 acmid = {1562912},
 publisher = {ACM},
 address = {New York, NY, USA},
 keywords = {K-12 instruction, attitudes, computer science unplugged, views},
}

@article{Urness2013,
 author = {Urness, Timothy and Manley, Eric D.},
 title = {Generating Interest in Computer Science Through Middle-school Android Summer Camps},
 journal = {J. Comput. Sci. Coll.},
 issue_date = {May 2013},
 volume = {28},
 number = {5},
 month = may,
 year = {2013},
 issn = {1937-4771},
 pages = {211--217},
 numpages = {7},
 url = {http://dl.acm.org/citation.cfm?id=2458569.2458615},
 acmid = {2458615},
 publisher = {Consortium for Computing Sciences in Colleges},
 address = {USA},
}

@inproceedings{Isomottonen2011,
 author = {Isom\"{o}tt\"{o}nen, Ville and Lakanen, Antti-Jussi and Lappalainen, Vesa},
 title = {K-12 Game Programming Course Concept Using Textual Programming},
 booktitle = {Proceedings of the 42Nd ACM Technical Symposium on Computer Science Education},
 series = {SIGCSE '11},
 year = {2011},
 isbn = {978-1-4503-0500-6},
 location = {Dallas, TX, USA},
 pages = {459--464},
 numpages = {6},
 url = {http://doi.acm.org/10.1145/1953163.1953296},
 doi = {10.1145/1953163.1953296},
 acmid = {1953296},
 publisher = {ACM},
 address = {New York, NY, USA},
 keywords = {K-12 teaching, game programming},
}

@inproceedings{Wagner2013,
 author = {Wagner, Amber and Gray, Jeff and Corley, Jonathan and Wolber, David},
 title = {Using App Inventor in a K-12 Summer Camp},
 booktitle = {Proceeding of the 44th ACM Technical Symposium on Computer Science Education},
 series = {SIGCSE '13},
 year = {2013},
 isbn = {978-1-4503-1868-6},
 location = {Denver, Colorado, USA},
 pages = {621--626},
 numpages = {6},
 url = {http://doi.acm.org/10.1145/2445196.2445377},
 doi = {10.1145/2445196.2445377},
 acmid = {2445377},
 publisher = {ACM},
 address = {New York, NY, USA},
 keywords = {app inventor, java bridge, summer camp},
}

@inproceedings{Webb2013,
 author = {Webb, Heidi and Rosson, Mary Beth},
 title = {Using Scaffolded Examples to Teach Computational Thinking Concepts},
 booktitle = {Proceeding of the 44th ACM Technical Symposium on Computer Science Education},
 series = {SIGCSE '13},
 year = {2013},
 isbn = {978-1-4503-1868-6},
 location = {Denver, Colorado, USA},
 pages = {95--100},
 numpages = {6},
 url = {http://doi.acm.org/10.1145/2445196.2445227},
 doi = {10.1145/2445196.2445227},
 acmid = {2445227},
 publisher = {ACM},
 address = {New York, NY, USA},
 keywords = {middle school girls, scaffolded example, scratch},
}

@inproceedings{Webb2011,
 author = {Webb, Heidi C. and Rosson, Mary Beth},
 title = {Exploring Careers While Learning Alice 3D: A Summer Camp for Middle School Girls},
 booktitle = {Proceedings of the 42Nd ACM Technical Symposium on Computer Science Education},
 series = {SIGCSE '11},
 year = {2011},
 isbn = {978-1-4503-0500-6},
 location = {Dallas, TX, USA},
 pages = {377--382},
 numpages = {6},
 url = {http://doi.acm.org/10.1145/1953163.1953275},
 doi = {10.1145/1953163.1953275},
 acmid = {1953275},
 publisher = {ACM},
 address = {New York, NY, USA},
 keywords = {Alice 3D, careers, middle school girls, summer camps},
}

@article{Werner2014,
 author = {Werner, Linda and Denner, Jill and Campe, Shannon},
 title = {Children Programming Games: A Strategy for Measuring Computational Learning},
 journal = {Trans. Comput. Educ.},
 issue_date = {February 2015},
 volume = {14},
 number = {4},
 month = dec,
 year = {2014},
 issn = {1946-6226},
 pages = {24:1--24:22},
 articleno = {24},
 numpages = {22},
 url = {http://doi.acm.org/10.1145/2677091},
 doi = {10.1145/2677091},
 acmid = {2677091},
 publisher = {ACM},
 address = {New York, NY, USA},
 keywords = {Alice, Computational learning, computational thinking, game programming, middle school},
}

@inproceedings{Lau2009,
 author = {Lau, Winnie W.Y. and Ngai, Grace and Chan, Stephen C.F. and Cheung, Joey C.Y.},
 title = {Learning Programming Through Fashion and Design: A Pilot Summer Course in Wearable Computing for Middle School Students},
 booktitle = {Proceedings of the 40th ACM Technical Symposium on Computer Science Education},
 series = {SIGCSE '09},
 year = {2009},
 isbn = {978-1-60558-183-5},
 location = {Chattanooga, TN, USA},
 pages = {504--508},
 numpages = {5},
 url = {http://doi.acm.org/10.1145/1508865.1509041},
 doi = {10.1145/1508865.1509041},
 acmid = {1509041},
 publisher = {ACM},
 address = {New York, NY, USA},
 keywords = {gender \& diversity, outreach \& education, wearable computing},
}

@article{Wolz2011,
 author = {Wolz, Ursula and Stone, Meredith and Pearson, Kim and Pulimood, Sarah Monisha and Switzer, Mary},
 title = {Computational Thinking and Expository Writing in the Middle School},
 journal = {Trans. Comput. Educ.},
 issue_date = {July 2011},
 volume = {11},
 number = {2},
 month = jul,
 year = {2011},
 issn = {1946-6226},
 pages = {9:1--9:22},
 articleno = {9},
 numpages = {22},
 url = {http://doi.acm.org/10.1145/1993069.1993073},
 doi = {10.1145/1993069.1993073},
 acmid = {1993073},
 publisher = {ACM},
 address = {New York, NY, USA},
 keywords = {K-12 CS Education, Scratch, broadening participation in computing, computational thinking, writing and computing},
}

%Other Sources:
@inproceedings{McGill2015,
 author = {McGill, Monica M. and Decker, Adrienne and Settle, Amber},
 title = {Does Outreach Impact Choices of Major for Underrepresented Undergraduate Students?},
 booktitle = {Proceedings of the Eleventh Annual International Conference on International Computing Education Research},
 series = {ICER '15},
 year = {2015},
 isbn = {978-1-4503-3630-7},
 location = {Omaha, Nebraska, USA},
 pages = {71--80},
 numpages = {10},
 url = {http://doi.acm.org/10.1145/2787622.2787711},
 doi = {10.1145/2787622.2787711},
 acmid = {2787711},
 publisher = {ACM},
 address = {New York, NY, USA},
 keywords = {choice of major, computing outreach, effectiveness, impact, minorities, underrepresented groups in computing},
}


@inproceedings{Decker2016,
 author = {Decker, Adrienne and McGill, Monica M. and Settle, Amber},
 title = {Towards a Common Framework for Evaluating Computing Outreach Activities},
 booktitle = {Proceedings of the 47th ACM Technical Symposium on Computing Science Education},
 series = {SIGCSE '16},
 year = {2016},
 isbn = {978-1-4503-3685-7},
 location = {Memphis, Tennessee, USA},
 pages = {627--632},
 numpages = {6},
 url = {http://doi.acm.org/10.1145/2839509.2844567},
 doi = {10.1145/2839509.2844567},
 acmid = {2844567},
 publisher = {ACM},
 address = {New York, NY, USA},
 keywords = {effectiveness, literature review, outreach, underrepresented groups in computing},
}

@Misc{Csorny2013,
author = {Csorny, Lauren},
title = {Careers in the Growing Field of Technology Services},
howpublished = {United States Bureau of Labor Statistics},
month = {April},
year = {2013},
note = {Available from http://www.bls.gov/opub/btn/volume-2/careers-in-growing-field-of-information-technology-services.htm},
url = {http://www.bls.gov/opub/btn/volume-2/careers-in-growing-field-of-information-technology-services.htm},
note = {Accessed June 1, 2016}
}

@Misc{Care,
author = {Kadlec, Alexandra},
title = {What Does Summer Camp Cost?},
howpublished = {care.com},
year = {2007-2016},
note = {Available from https://www.care.com/a/what-does-summer-camp-cost-1402131614},
url = {https://www.care.com/a/what-does-summer-camp-cost-1402131614},
note = {Accessed June 30, 2016}
}
